@article{bermanis2013multiscale,
  title={Multiscale data sampling and function extension},
  author={Bermanis, Amit and Averbuch, Amir and Coifman, Ronald R},
  journal={Applied and Computational Harmonic Analysis},
  volume={34},
  number={1},
  pages={15--29},
  year={2013},
  publisher={Elsevier}
}