@article{bermanis2013multiscale,
  title={Multiscale data sampling and function extension},
  author={Bermanis, Amit and Averbuch, Amir and Coifman, Ronald R},
  journal={Applied and Computational Harmonic Analysis},
  volume={34},
  number={1},
  pages={15--29},
  year={2013},
  publisher={Elsevier}
}

@article{patra2016multilevel,
  title={Multilevel Methods for Sparse Representation of Topographical Data},
  author={Patra, Abani and Shekhar, Prashant and Stefanescu, E Ramona},
  journal={Procedia Computer Science},
  volume={80},
  pages={887--896},
  year={2016},
  publisher={Elsevier}
}

@article{rasmussen2006gaussian,
  title={Gaussian processes for machine learning},
  author={Rasmussen, Carl Edward},
  year={2006},
  publisher={Citeseer}
}

@inproceedings{liu2014self,
  title={Self-explanatory sparse representation for image classification},
  author={Liu, Bao-Di and Wang, Yu-Xiong and Shen, Bin and Zhang, Yu-Jin and Hebert, Martial},
  booktitle={European Conference on Computer Vision},
  pages={600--616},
  year={2014},
  organization={Springer}
}

@inproceedings{yang2011learning,
  title={Learning the sparse representation for classification},
  author={Yang, Jianchao and Wang, Jiangping and Huang, Thomas},
  booktitle={2011 IEEE International Conference on Multimedia and Expo},
  pages={1--6},
  year={2011},
  organization={IEEE}
}

@inproceedings{gao2015learning,
  title={Learning Sparse Representations from Datasets with Uncertain Group Structures: Model, Algorithm and Applications.},
  author={Gao, Longwen and Zhou, Shuigeng},
  booktitle={AAAI},
  pages={2603--2609},
  year={2015}
}

@MISC{simulationlib, 
 author = {Surjanovic, S. and Bingham, D.}, 
 title = {Virtual Library of Simulation Experiments: Test Functions and Datasets}, 
 howpublished = {Retrieved January 8, 2017, from \url{http://www.sfu.ca/~ssurjano}} 
}


@article{luthcke2013antarctica,
  title={Antarctica, Greenland and Gulf of Alaska land-ice evolution from an iterated GRACE global mascon solution},
  author={Luthcke, Scott B and Sabaka, TJ and Loomis, BD and Arendt, AA and McCarthy, JJ and Camp, J},
  journal={Journal of Glaciology},
  volume={59},
  number={216},
  pages={613--631},
  year={2013},
  publisher={International Glaciological Society}
}

@article{schenk2012new,
  title={A new methodology for detecting ice sheet surface elevation changes from laser altimetry data},
  author={Schenk, Tony and Csatho, Beata},
  journal={IEEE Transactions on Geoscience and Remote Sensing},
  volume={50},
  number={9},
  pages={3302--3316},
  year={2012},
  publisher={IEEE}
}

@article{rufai2014lossy,
  title={Lossy image compression using singular value decomposition and wavelet difference reduction},
  author={Rufai, Awwal Mohammed and Anbarjafari, Gholamreza and Demirel, Hasan},
  journal={Digital Signal Processing},
  volume={24},
  pages={117--123},
  year={2014},
  publisher={Elsevier}
}


@article{sandryhaila2014big,
  title={Big data analysis with signal processing on graphs: Representation and processing of massive data sets with irregular structure},
  author={Sandryhaila, Aliaksei and Moura, Jose MF},
  journal={IEEE Signal Processing Magazine},
  volume={31},
  number={5},
  pages={80--90},
  year={2014},
  publisher={IEEE}
}


@article{guan2016inferring,
  title={Inferring Ice Thickness from a Glacier Dynamics Model and Multiple Surface Datasets},
  author={Guan, Yawen and Haran, Murali and Pollard, David},
  journal={arXiv preprint arXiv:1612.01454},
  year={2016}
}

@article{chatterjee2013adaptive,
  title={Adaptive Filtering and Compression of Bio-Medical Signals Using Neural Networks},
  author={Chatterjee, Kalyan and Mrinal, Nilotpal and Dasgupta, S},
  journal={International Journal of Engineering and Advanced Technology (IJEAT)},
  volume={2},
  number={3},
  pages={323--327},
  year={2013},
  publisher={Citeseer}
}

@article {NME:NME726,
author = {MoÃ«s, Nicolas and Dolbow, John and Belytschko, Ted},
title = {A finite element method for crack growth without remeshing},
journal = {International Journal for Numerical Methods in Engineering},
volume = {46},
number = {1},
publisher = {John Wiley & Sons, Ltd.},
issn = {1097-0207},
url = {http://dx.doi.org/10.1002/(SICI)1097-0207(19990910)46:1<131::AID-NME726>3.0.CO;2-J},
doi = {10.1002/(SICI)1097-0207(19990910)46:1<131::AID-NME726>3.0.CO;2-J},
pages = {131--150},
keywords = {finite elements, fracture},
year = {1999},
}
